%
% This is file `bibliografia.bib'.
%
@BOOK{Frechet,
   author = "Maurice Ren\'e Fr\'echet",
   title = "Sur quelques points du calcul fonctionnel",
   edition = "2",
   address = "Paris",
   publisher = "Editora LTC",
   year = "1906",
}
@BOOK{casaliorio,
   author = "Júnior, R. I.; Iório, V. M.;",
   title = "Equações Diferenciais Parciais: Uma introdução",
   edition = "2",
   address = "Rio de Janeiro",
   publisher = "IMPA",
   year = "2010",
}
@BOOK{briggs,
   author = "Briggs, Willian L.;",
   title = "A Multigrid Tutorial",
   edition = "2",
   address = "Philadelphia",
   publisher = "SIAM",
   year = "1987",
}
@BOOK{anton,
   author = "Trottenberg, Ulrich; Oosterllee, Cornelis W.; Schüller, Anton",
   title = "Multigrid",
   edition = "1",
   address = "Alemanha",
   publisher = "Academic Press",
   year = "2000",
}
@ARTICLE{saad,
   author = "SAAD, Y.,",
   title = {Iterative Methods for Sparse Linear Systems},
   journal = {PWS Publish-ing Company},
   address = "Boston",
   year = 1996,
}
@book{Elon,
   author       = {Elon Lages Lima},
   title        = {Curso de An\'alise Volume 1},
   address      = {Rio de Janeiro, Rio de Janeiro},
   publisher    = {IMPA - Projeto Euclives},
   edition      = {$11^a$},
   isbn         = {85-244-0118-4},
   year         = {2004},
}
@book{Elon2,
   author       = {Elon Lages Lima},
   title        = {Curso de An\'alise Volume 2},
   address      = {Rio de Janeiro, Rio de Janeiro},
   publisher    = {IMPA - Projeto Euclives},
   edition      = {$3^a$},
   isbn         = {85-244-0118-7},
   year         = {1999},
}
@book{kreyszig,
   author       = {Erwin Kreyszig},
   title        = {Introductory Functional Analysis with Applications},
   address      = {New York, United States of American},
   publisher    = {John Wiley $\&$ Sons},
   isbn         = {0-471-50731-8/0-471-50459-9},
   year         = {1989},
}
}
@book{Elonpf,
   author       = {Elon Lages Lima},
   title        = {N\'umeros e Fun\c{c}\~oes Reais},
   address      = {Rio de Janeiro, Rio de Janeiro},
   publisher    = {SBM- Sociedade Brasileira de Matem\'atica},
   edition      = {$1^a$},
   isbn         = {9788585818814},
   year         = {2013},
}
}
@mastersthesis{Gabriel,
   author       = {Gabriel Carvalho Velame},
   title        = {Uma Abordagem Sobre Desigualdades E Suas Aplica\c{c}\~oes},
    school      = {Universidade Federal Do Rec\^oncavo Da Bahia},
    type        = {Disserta\c{c}\~ao de Mestrado}
   address      = {Cruz das Almas},
   year         = {2014},
}
